@book{riscv-reader,
  author         = {David Patterson and Andrew Waterman},
  translator     = {成田 光彰},
  title          = {RISC-V原典オープン・アーキテクチャのススメ},
  publisher      = {安達 功},
  year           = {2018},
  month          = {11},
}

@book{ca-quantitative-approach,
  author         = {John L. Hennessy and David A. Patterson},
  title          = {Computer Architecture A Quantitative Approach},
  edition        = {6},
  publisher      = {Katey Birtcher},
  year           = {2019}
}
